@misc{Chen2011,
	title={Projection Onto A Simplex},
	author={Yunmei Chen and Xiaojing Ye},
	year={2011},
	eprint={1101.6081},
	archivePrefix={arXiv},
	primaryClass={math.OC}
}

@book{Nesterov2018,
	title = {Lectures on Convex Optimization},
	author = {Yurii Nesterov},
	isbn = {9783319915777},
	series = {Springer Optimization and Its Applications},
	year = {2018},
	publisher = {Springer International Press},
	doi = {10.1007/978-3-319-91578-4},
	keywords = {optimization}
}

@book{Nesterov2004,
	title = {Introductory Lectures on Convex Optimization},
	subtitle = {A Basic Course},
	author = {Yurii Nesterov},
	isbn = {9781441988539},
	series = {Applied Optimization},
	year = {2004},
	publisher = {Springer US},
	doi = {10.1007/978-1-4419-8853-9},
	keywords = {optimization}
}