@book{Nesterov2018,
	title = {Lectures on Convex Optimization},
	author = {Yurii Nesterov},
	isbn = {9783319915777},
	series = {Springer Optimization and Its Applications},
	year = {2018},
	publisher = {Springer International Press},
	doi = {10.1007/978-3-319-91578-4},
	keywords = {optimization}
}

@book{GLS1993,
	title = {Geometric Algorithms and Combinatorial Optimization},
	author = {Martin Grötschel, and Laszlo Lovász, and Alexander Schrijver},
	isbn = {9783642782428},
	series = {Algorithms and Combinatorics},
	year = {1993},
	publisher = {Springer-Verlag Berlin Heidelberg},
	doi = {10.1007/978-3-642-78240-4},
	keywords = {combinatorics}
}